@misc{StackExchange:2011:HLI,
 title = {How to link images relatively in Inkscape?},
 author = {Stackexchange},
 year = {2011},
 note = {\url{http://graphicdesign.stackexchange.com/questions/4906/how-to-link-images-relatively-in-inkscape}},
}%misc
