
@inproceedings{Balzerand:2009:CCPD,
 title = {Capacity-constrained Point Distributions: A Variant of Lloyd's Method},
 author = {Michael Balzerand and Thomas Schlomer and Oliver Deussen},
 booktitle = {SIGGRAPH '09: ACM SIGGRAPH 2009 Papers},
 year = {2009}, 
 pages = {},
}

@techreport{Wei:2009:MPDS,
 author = "Li-Yi Wei",
 title = "Multi-Class Poisson Disk Sampling",
 institution = "Microsoft Research",
 year = 2009,
 month = jan,
 number = "MSR-TR-2009-2010",
 note = {\url{http://research.microsoft.com/apps/pubs/default.aspx?id=80181}},
 }

@InProceedings{Vanderhaeghe:2008:PBH,
  author       = "Vanderhaeghe, David and Ostromoukhov, Victor",
  title        = "Polyomino-Based Digital Halftoning",
  booktitle    = "IADIS International Conference on Computer Graphics and Visualization 2008",
  year         = "2008",
}

@inproceedings{Fu:2008:DSS,
 author = {Yan Fu and Bingfeng Zhou},
 title = {Direct sampling on surfaces for high quality remeshing},
 booktitle = {SPM '08: Proceedings of the 2008 ACM symposium on Solid and physical modeling},
 year = {2008},
 pages = {115--124},
 doi = {http://doi.acm.org/10.1145/1364901.1364919},
 }

@article{Feng:2008:ANS,
 author = {Louis Feng and Ingrid Hotz and Bernd Hamann and Kenneth Joy},
 title = {Anisotropic Noise Samples},
 journal = {IEEE Transactions on Visualization and Computer Graphics},
 volume = {14},
 number = {2},
 year = {2008},
 pages = {342--354},
 doi = {http://dx.doi.org/10.1109/TVCG.2007.70434},
 }

@inproceedings{Hachisuka:2008:MAS,
 author = {Toshiya Hachisuka and Wojciech Jarosz and Richard Peter Weistroffer and Kevin Dale and Greg Humphreys and Matthias Zwicker and Henrik Wann Jensen},
 title = {Multidimensional adaptive sampling and reconstruction for ray tracing},
 booktitle = {SIGGRAPH '08: ACM SIGGRAPH 2008 papers},
 year = {2008},
 pages = {1--10},
 doi = {http://doi.acm.org/10.1145/1399504.1360632},
 }

@inproceedings{Pang:2008:SAH,
 title = {Structure-aware Halftoning},
 author = {Wai-Man Pang and Yingge Qu and Tien-Tsin Wong and Daniel Cohen-Or and Pheng-Ann Heng},
 booktitle = {SIGGRAPH '08: ACM SIGGRAPH 2008 Papers},
 year = {2008}, 
 pages = {},
}

@inproceedings{Wei:2008:PPD,
 author = {Li-Yi Wei},
 title = {Parallel Poisson Disk Sampling},
 booktitle = {SIGGRAPH '08: ACM SIGGRAPH 2008 Papers},
 year = {2008}, 
 pages = {},
 }

@inproceedings{Kim:2008:FGIS,
 author = {Dongyeon Kim and Minjung Son and Yunjin Lee and Henry Kang and Seungyong Lee},
 title = {Feature-guided Image Stippling},
 booktitle = "Eurographics Symposium on Rendering",
 year = "2008",
 month = jun,
}

@inproceedings{Tzeng:2008:PNGG,
 author = "Stanley Tzeng and Li-Yi Wei",
 title = "Parallel White Noise Generation on a GPU via Cryptographic Hash",
 booktitle = {I3D '08: Proceedings of the 2008 symposium on Interactive 3D graphics and games},
 year = {2008}, 
 pages = {79--87},
}

@techreport{Tzeng:2007:PNGG,
 author = "Stanley Tzeng and Li-Yi Wei",
 title = "Parallel White Noise Generation on a GPU via Cryptographic Hash",
 institution = "Microsoft Research",
 year = 2007,
 month = Oct,
 number = "MSR-TR-2007-141",
 note = {\url{http://research.microsoft.com/research/pubs/view.aspx?tr_id=1384}},
 }

@inproceedings{Cline:2007:HDT,
 title = {Poisson Disk Point Sets by Hierarchical Dart Throwing},
 author = {Kenric White and David Cline and Parris Egbert},
 booktitle = {Symposium on Interactive Ray Tracing},
 year = 2007,
 pages = {129--132},
}

@inproceedings{Moller:2007:SR,
 author = {Tomas Akenine-M\"{o}ller and Jacob Munkberg and Jon Hasselgren},
 title = {Stochastic rasterization using time-continuous triangles},
 booktitle = {GH '07: Proceedings of the 22nd ACM SIGGRAPH/EUROGRAPHICS symposium on Graphics hardware},
 year = {2007},
 pages = {7--16},
 }

@inproceedings{Bridson:2007:FPD,
 author = {Robert Bridson},
 title = {Fast poisson disk sampling in arbitrary dimensions},
 booktitle = {SIGGRAPH '07: ACM SIGGRAPH 2007 Sketches \& Applications},
 year = {2007},
 pages = "",
 }

@article{Lagae:2007:CMPD,
  author = {Ares Lagae and Philip Dutr\'{e}},
  title = {A Comparison of Methods for Generating {P}oisson Disk Distributions},
  journal = {Computer Graphics Forum},
  volume = {21},
  number = {1},
  year = {2008},
  pages = {114--129},
  doi = {doi:10.1111/j.1467-8659.2007.01100.x},
  publisher = {},
  address = {},
}

@inproceedings{Ostromoukhov:2007:SP,
 author = {Victor Ostromoukhov},
 title = {Sampling with Polyominoes},
 booktitle = {SIGGRAPH '07: ACM SIGGRAPH 2007 Papers},
 year = {2007}, 
 pages = {78},
 }

@inproceedings{Ezra:2007:PP,
 author = {Ben Ezra, M. and Lin, Z.C. and Wilburn, B.},
 title = {Penrose Pixels Super-Resolution in the Detector Layout Domain},
 booktitle = {ICCV '07: Proceedings of the International Conference on Computer Vision},
 year = {2007},
 pages = {1-8},
}

@article{Sun:2006:VH,
 title = {Video halftoning},
 author = {Zhaohui Sun},
 journal = {IEEE Transactions on Image Processing},
 volume = {15},
 number = {3},
 pages = {678--686},
 year = {2006},
}

@article{Lagae:2006:CE,
 author = {Ares Lagae and Philip Dutr\'{e}},
 title = {An alternative for Wang tiles: colored edges versus colored corners},
 journal = {ACM Trans. Graph.},
 volume = {25},
 number = {4},
 year = {2006},
 pages = {1442--1459},
 doi = {http://doi.acm.org/10.1145/1183287.1183296},
 }

@misc{Wikipedia:2006:RPS,
 title = {Random permutation statistics},
 author = {Wikipedia},
 year = {2006},
 note = {\url{http://en.wikipedia.org/wiki/Random_permutation_statistics}},
}

@inproceedings{Pharr:2006:IRPGE,
 author = {Matt Pharr},
 title = {Interactive Rendering in The Post-GPU Era},
 year = {2006},
 booktitle = {GH '06: Proceedings of the 21st ACM SIGGRAPH/Eurographics symposium on Graphics hardware},
 note = {Keynote},
}

@inproceedings{Kopf:2006:RWT,
 author = {Johannes Kopf and Daniel Cohen-Or and Oliver Deussen and Dani Lischinski},
 title = {Recursive Wang tiles for real-time blue noise},
 booktitle = {SIGGRAPH '06: ACM SIGGRAPH 2006 Papers},
 year = {2006},
 pages = {509--518},
 doi = {http://doi.acm.org/10.1145/1179352.1141916},
 }

@inproceedings{Dunbar:2006:PDS,
 author = {Daniel Dunbar and Greg Humphreys},
 title = {A spatial data structure for fast Poisson-disk sample generation},
 booktitle = {SIGGRAPH '06: ACM SIGGRAPH 2006 Papers},
 year = {2006},
 pages = {503--508},
 doi = {http://doi.acm.org/10.1145/1179352.1141915},
 }

@article{Baqai:2005:DCH,
 title={Digital color halftoning},
 author={Baqai, F.A. and Lee, J.-H. and Agar, A.U. and Allebach, J.P.},
 journal={Signal Processing Magazine, IEEE},
 year={2005},
 month={Jan.},
 volume={22},
 number={1},
 pages={ 87-96}, 
}

@inproceedings{Donnelly:2005:PDM,
 author = {Donnelly, William},
 title = {Per-Pixel Displacement Mapping with Distance Functions},  
 booktitle = {GPU Gems 2},
 year = {2005},
 note = {Chapter 8, \url{http://download.nvidia.com/developer/GPU_Gems_2/GPU_Gems2_ch08.pdf}},
}

@inproceedings{Lawrence:2005:ANC,
  author = "Jason Lawrence and Szymon Rusinkiewicz and Ravi Ramamoorthi",
  title = "Adaptive Numerical Cumulative Distribution Functions for Efficient Importance Sampling",
  booktitle = "Eurographics Symposium on Rendering",
  year = "2005",
  month = jun,
}

@article{Jones:2005:EGPDS,
  author = "Thouis R. Jones",
  title = "Efficient Generation of Poisson-Disk Sampling Patterns",
  journal = "journal of graphics tools",
  volume = "11",
  number = "2",
  pages = "27-36",
  year = "2006",
}

@article{Lagae:2005:PODF,
 author = {Ares Lagae and Philip Dutr\'{e}},
 title = {A procedural object distribution function},
 journal = {ACM Trans. Graph.},
 volume = {24},
 number = {4},
 year = {2005},
 pages = {1442--1461},
 doi = {http://doi.acm.org/10.1145/1095878.1095888},
 }

@inproceedings{Lefebvre:2005:PCTS,
 author = {Sylvain Lefebvre and Hugues Hoppe},
 title = {Parallel controllable texture synthesis},
 booktitle = {SIGGRAPH '05: ACM SIGGRAPH 2005 Papers},
 year = {2005},
 pages = {777--786},
 }

@article{Lefebvre:2005:PCTS:1,
 author = {Sylvain Lefebvre and Hugues Hoppe},
 title = {Parallel controllable texture synthesis},
 journal = {ACM Trans. Graph.},
 volume = {24},
 number = {3},
 year = {2005},
 pages = {777--786},
 }

@inproceedings{Ostromoukhov:2004:FHIS,
 author = {Victor Ostromoukhov and Charles Donohue and Pierre-Marc Jodoin},
 title = {Fast hierarchical importance sampling with blue noise properties},
 booktitle = {SIGGRAPH '04: ACM SIGGRAPH 2004 Papers},
 year = {2004},
 pages = {488--495},
 doi = {http://doi.acm.org/10.1145/1186562.1015750},
 }

@inproceedings{Metaxas:2003:PDH,
 author = {Metaxas,, Panagiotis Takis},
 title = {Parallel digital halftoning by error-diffusion},
 booktitle = {PCK50: Proceedings of the Paris C. Kanellakis memorial workshop on Principles of computing \& knowledge},
 year = {2003},
 pages = {35--41},
 doi = {http://doi.acm.org/10.1145/778348.778355},
 }

@inproceedings{Zhou:2003:IMT,
 author = {Zhou,, Bingfeng and Fang,, Xifeng},
 title = {Improving mid-tone quality of variable-coefficient error diffusion using threshold modulation},
 booktitle = {SIGGRAPH '03: ACM SIGGRAPH 2003 Papers},
 year = {2003},
 pages = {437--444},
 doi = {http://doi.acm.org/10.1145/1201775.882289},
 }

@article{Agarwal:2003:SIS,
 author = {Sameer Agarwal and Ravi Ramamoorthi and Serge Belongie and Henrik Wann Jensen},
 title = {Structured importance sampling of environment maps},
 journal = {ACM Trans. Graph.},
 volume = {22},
 number = {3},
 year = {2003},
 pages = {605--612},
 doi = {http://doi.acm.org/10.1145/882262.882314},
 }

@inproceedings{Cohen:2003:WT,
 author = {Michael F. Cohen and Jonathan Shade and Stefan Hiller and Oliver Deussen},
 title = {Wang Tiles for image and texture generation},
 booktitle = {SIGGRAPH '03: ACM SIGGRAPH 2003 Papers},
 year = {2003},
 pages = {287--294},
 doi = {http://doi.acm.org/10.1145/1201775.882265},
 }

@article{Lau:2003:BGN,
 title = {Fundamental Characteristics of Halftone Textures: Blue-Noise and Green-Noise},
 author = {Daniel Lau and Robert Ulichney and Gonzalo Arce},
 journal = {IEEE Signal Processing Magazine}, 
 volume = {20}, 
 number = {4}, 
 pages = {28--38}, 
 month = {July},
 year = {2003},
}

@book{Sharma:2002:DCI,
 author = {Sharma,, Gaurav},
 title = {Digital Color Imaging Handbook},
 year = {2002},
 isbn = {084930900X},
 publisher = {CRC Press, Inc.},
 address = {Boca Raton, FL, USA},
 }

@article{McClure:2002:3CP,
  author    = {Mark McClure},
  title     = {A stochastic cellular automaton for three-coloring penrose
               tiles},
  journal   = {Computers {\&} Graphics},
  volume    = {26},
  number    = {3},
  year      = {2002},
  pages     = {519-524},
  ee        = {http://dx.doi.org/10.1016/S0097-8493(02)00094-8},
  bibsource = {DBLP, http://dblp.uni-trier.de}
}

@article{Kautz:2002:RTH,
 author = {Jan Kautz and Hans-Peter Seidel},
 title = {Real-time halftoning},
 journal = {J. Graph. Tools},
 volume = {7},
 number = {4},
 year = {2002},
 pages = {27--32},
 }

@inproceedings{Kim:2002:JIM,
 author = {Junhwan Kim and Fabio Pellacini},
 title = {Jigsaw image mosaics},
 booktitle = {SIGGRAPH '02: Proceedings of the 29th annual conference on Computer graphics and interactive techniques},
 year = {2002},
 pages = {657--664},
 doi = {http://doi.acm.org/10.1145/566570.566633},
 }

@inproceedings{Alliez:2002:IGR,
 author = {Pierre Alliez and Mark Meyer and Mathieu Desbrun},
 title = {Interactive geometry remeshing},
 booktitle = {SIGGRAPH '02: Proceedings of the 29th annual conference on Computer graphics and interactive techniques},
 year = {2002},
 pages = {347--354},
 doi = {http://doi.acm.org/10.1145/566570.566588},
 }

@techreport{Wei:2002:OITS,
            author = "Li-Yi Wei and Marc Levoy",
            title = "Order-Independent Texture Synthesis",
            institution = "Computer Science Department, Stanford University",
            year = 2002,
            number = "TR-2002-01"
           }

@inproceedings{Ostromoukhov:2001:SEE,
 author = {Ostromoukhov,, Victor},
 title = {A simple and efficient error-diffusion algorithm},
 booktitle = {SIGGRAPH '01: Proceedings of the 28th annual conference on Computer graphics and interactive techniques},
 year = {2001},
 pages = {567--572},
 doi = {http://doi.acm.org/10.1145/383259.383326},
 }

@inproceedings{Wei:2001:TSAMS,
 author = {Li-Yi Wei and Marc Levoy},
 title = {Texture synthesis over arbitrary manifold surfaces},
 booktitle = {SIGGRAPH '01: Proceedings of the 28th annual conference on Computer graphics and interactive techniques},
 year = {2001},
 pages = {355--360},
 }

@inproceedings{Turk:2001:TSS,
 author = {Greg Turk},
 title = {Texture synthesis on surfaces},
 booktitle = {SIGGRAPH '01: Proceedings of the 28th annual conference on Computer graphics and interactive techniques},
 year = {2001},
 pages = {347--354},
 }

@inproceedings{Wei:2000:FTS,
 author = {Li-Yi Wei and Marc Levoy},
 title = {Fast texture synthesis using tree-structured vector quantization},
 booktitle = {SIGGRAPH '00: Proceedings of the 27th annual conference on Computer graphics and interactive techniques},
 year = {2000},
 pages = {479--488},
 doi = {http://doi.acm.org/10.1145/344779.345009},
 }

@article{Wang:1999:CBN,
title={Properties of combined blue noise patterns},
author={Muge Wang and Parker, K.J.},
journal={ICIP},
year={1999},
month={},
volume={4},
number={},
pages={328--332},
doi={10.1109/ICIP.1999.819606},
}

@inproceedings{Efros:1999:TS,
 author = {Alexei A. Efros and Thomas K. Leung},
 title = {Texture Synthesis by Non-Parametric Sampling},
 booktitle = {ICCV '99: Proceedings of the International Conference on Computer Vision-Volume 2},
 year = {1999},
 pages = {1033},
 }

@misc{Weisstein:1999:HP,
 author = {Weisstein, Eric W.},
 title = {Hypersphere Packing},
 note = {\url{http://mathworld.wolfram.com/HyperspherePacking.html}},
 year = 1999,
}

@inproceedings{Ostromoukhov:1999:MCAD,
 author = {Victor Ostromoukhov and Roger D. Hersch},
 title = {Multi-color and artistic dithering},
 booktitle = {SIGGRAPH '99: Proceedings of the 26th annual conference on Computer graphics and interactive techniques},
 year = {1999},
 pages = {425--432},
 doi = {http://doi.acm.org/10.1145/311535.311605},
 }

@inproceedings{Stollnitz:1998:RCC,
 author = {Eric J. Stollnitz and Victor Ostromoukhov and David H. Salesin},
 title = {Reproducing color images using custom inks},
 booktitle = {SIGGRAPH '98: Proceedings of the 25th annual conference on Computer graphics and interactive techniques},
 year = {1998},
 pages = {267--274},
 doi = {http://doi.acm.org/10.1145/280814.280889},
 }

@article{Andres:1997:DAH,
 author = {Eric Andres and Marie-Andr\'{e}e Jacob},
 title = {The Discrete Analytical Hyperspheres},
 journal = {IEEE Transactions on Visualization and Computer Graphics},
 volume = {3},
 number = {1},
 year = {1997},
 issn = {1077-2626},
 pages = {75--86},
 doi = {http://dx.doi.org/10.1109/2945.582354},
 }

@article{Popat:1997:CBP,
    author = "K. Popat and R. W. Picard",
    title = "Cluster based probability model and its application to image and texture processing.",
    journal = "IEEE Trans. Image Processing",
    volume = "6",
    number = "2",
    pages = "268--284",
    year = "1997",
}

@misc{McCourt:1997:APR,
 author = {Mark E. McCourt},
 title = {Anatomy and Physiology of the Retina},
 year = 1997,
 note = {\url{http://www.psych.ndsu.nodak.edu/mccourt/Psy460/Anatomy%20and%20physiology%20of%20the%20retina/Anatomy%20and%20physiology%20of%20the%20retina.html}},
}

@book{Stollnitz:1996:WCG,
 author = {Eric J. Stollnitz and Tony D. Derose and David H. Salesin},
 title = {Wavelets for computer graphics: theory and applications},
 year = {1996},
 isbn = {1-55860-375-1},
 publisher = {Morgan Kaufmann Publishers Inc.},
 address = {San Francisco, CA, USA},
 }

@article{Stollnitz:1995:WCG,
 author = {Eric J. Stollnitz and Tony D. DeRose and David H. Salesin},
 title = {Wavelets for Computer Graphics: A Primer, Part 2},
 journal = {IEEE Comput. Graph. Appl.},
 volume = {15},
 number = {4},
 year = {1995},
 pages = {75--85},
 doi = {http://dx.doi.org/10.1109/38.391497},
 }

@misc{Marsaglia:1995:DIEHARD,
author = {G. Marsaglia},
title = {The Marsaglia Random Number CDROM including the Diehard Battery of Tests of Randomness},
year = {1995},
note = {http://www.stat.fsu.edu/pub/diehard/},
}

@inproceedings{Heeger:1995:PBTAS,
 author = {David J. Heeger and James R. Bergen},
 title = {Pyramid-based texture analysis/synthesis},
 booktitle = {SIGGRAPH '95: Proceedings of the 22nd annual conference on Computer graphics and interactive techniques},
 year = {1995},
 pages = {229--238},
 }

@book{Glassner:1994:PDIS,
 author = {Andrew S. Glassner},
 title = {Principles of Digital Image Synthesis},
 year = {1994},
 isbn = {1558602763},
 publisher = {Morgan Kaufmann Publishers Inc.},
 address = {San Francisco, CA, USA},
 }

@article{Bashei:1994:CP,
 author = {Gerard Bashein and Paul R. Detmer},
 title = {Centroid of a polygon},
 book = {Graphics gems IV},
 year = {1994},
 isbn = {0-12-336155-9},
 pages = {3--6},
 publisher = {Academic Press Professional, Inc.},
 address = {San Diego, CA, USA},
 }

@article{Lischinski:1994:IDT,
 author = {Dani Lischinski},
 title = {Incremental Delaunay triangulation},
 book = {Graphics gems IV},
 year = {1994},
 isbn = {0-12-336155-9},
 pages = {47--59},
 publisher = {Academic Press Professional, Inc.},
 address = {San Diego, CA, USA},
 }

@book{Wolberg:1994:DIW,
 author = {George Wolberg},
 title = {Digital Image Warping},
 year = {1994},
 isbn = {0818689447},
 publisher = {IEEE Computer Society Press},
 address = {Los Alamitos, CA, USA},
 }

@article{Dutt:1993:NFFT,
 author = {A. Dutt and V. Rokhlin},
 title = {Fast Fourier transforms for nonequispaced data},
 journal = {SIAM J. Sci. Comput.},
 volume = {14},
 number = {6},
 year = {1993},
 pages = {1368--1393},
 doi = {http://dx.doi.org/10.1137/0914081},
 }

@inproceedings{Popat:1993:CB,
  author = "K. Popat and R. Picard",
  title = "Novel cluster-based probability model for texture synthesis, classification, and compression",
  booktitle = "Proceedings SPIE visual Communications and Image Processing '93",
  year = "1993",
}

@inproceedings{Zhang:1993:SD,
 author = {Zhang,, Yuefeng and Webber,, Robert E.},
 title = {Space diffusion: an improved parallel halftoning technique using space-filling curves},
 booktitle = {SIGGRAPH '93: Proceedings of the 20th annual conference on Computer graphics and interactive techniques},
 year = {1993},
 pages = {305--312},
 doi = {http://doi.acm.org/10.1145/166117.166156},
 }

@inproceedings{McCool:1992:HPSD,
 author = {Michael McCool and Eugene Fiume},
 title = {Hierarchical Poisson disk sampling distributions},
 booktitle = {Proceedings of the conference on Graphics interface '92},
 year = {1992},
 pages = {94--105},
 }

@inproceedings{Turk:1992:RTPS,
 author = {Greg Turk},
 title = {Re-tiling polygonal surfaces},
 booktitle = {SIGGRAPH '92: Proceedings of the 19th annual conference on Computer graphics and interactive techniques},
 year = {1992},
 pages = {55--64},
 doi = {http://doi.acm.org/10.1145/133994.134008},
 }

@inproceedings{Parker:1991:MPS,
 author = {K. Parker and T. Mitsa and R. Ulichney},
 title = {A New Algorithm for Manipulating the Power Spectrum of Halftone Patterns},
 booktitle = {SPSE's 7th Int. Congress on Non-Impact Printing},
 year = {1991},
 pages = {471--475},
}

@article{Mitchell:1991:SO,
 author = {Don P. Mitchell},
 title = {Spectrally optimal sampling for distribution ray tracing},
 journal = {SIGGRAPH Comput. Graph.},
 volume = {25},
 number = {4},
 year = {1991},
 pages = {157--164},
 doi = {http://doi.acm.org/10.1145/127719.122736},
 }

@article{Glassner:1989:DST,
 author = {Glassner,, Andrew S.},
 title = {How to Derive a Spectrum from an RGB Triplet},
 journal = {IEEE Comput. Graph. Appl.},
 volume = {9},
 number = {4},
 year = {1989},
 pages = {95--99},
 doi = {http://dx.doi.org/10.1109/38.31468},
 }

@inproceedings{Aggarwal:1987:LTA,
 author = {A. Aggarwal and L. Guibas and J. Saxe and P. Shor},
 title = {A Linear time algorithm for computing the Voronoi diagram of a convex polygon},
 booktitle = {STOC '87: Proceedings of the nineteenth annual ACM conference on Theory of computing},
 year = {1987},
 isbn = {0-89791-221-7},
 pages = {39--45},
 location = {New York, New York, United States},
 doi = {http://doi.acm.org/10.1145/28395.28400},
 publisher = {ACM},
 address = {New York, NY, USA},
 }

@inproceedings{Mitchell:1987:GAILS,
 author = {Don P. Mitchell},
 title = {Generating antialiased images at low sampling densities},
 booktitle = {SIGGRAPH '87: Proceedings of the 14th annual conference on Computer graphics and interactive techniques},
 year = {1987},
 pages = {65--72},
 doi = {http://doi.acm.org/10.1145/37401.37410},
 }

@article{Knuth:1987:DHDD,
 author = {Knuth,, Donald E.},
 title = {Digital halftones by dot diffusion},
 journal = {ACM Trans. Graph.},
 volume = {6},
 number = {4},
 year = {1987},
 pages = {245--273},
 doi = {http://doi.acm.org/10.1145/35039.35040},
 }

@article{Cook:1986:SSCG,
 author = {Robert L. Cook},
 title = {Stochastic sampling in computer graphics},
 journal = {ACM Trans. Graph.},
 volume = {5},
 number = {1},
 year = {1986},
 pages = {51--72},
 doi = {http://doi.acm.org/10.1145/7529.8927},
 }

 @book{Agostino:1986:GOFT,
 editor = {Ralph B D'Agostino and Michael A Stephens},
 title = {Goodness-of-fit techniques},
 year = {1986},
 isbn = {0-824-77487-6},
 publisher = {Marcel Dekker, Inc.},
 address = {New York, NY, USA},
 }

@article{Guibas:1985:QE,
 author = {Leonidas Guibas and Jorge Stolfi},
 title = {Primitives for the manipulation of general subdivisions and the computation of Voronoi},
 journal = {ACM Trans. Graph.},
 volume = {4},
 number = {2},
 year = {1985},
 pages = {74--123},
 doi = {http://doi.acm.org/10.1145/282918.282923},
 }

@article{Lloyd:1983:RLA,
 author = {S. Lloyd},
 title = {An optimization approach to relaxation labeling algorithms},
 journal = {Image and Vision Computing},
 volume = {1},
 number = {2},
 year = 1983,
}

@article{Yellott:1983:SCPS,
 author = {Yellott, John I. Jr.},
 title = {Spectral Consequences of Photoreceptor Sampling in the Rhesus Retina}, journal = {Science},
 volume = {221},
 year = {1983}, 
 pages = {382-385},
}
